@mastersthesis{lilly2017aviation,
  title={Aviation Propulsive Lithium-Ion Battery Packs State-of-Charge and State-of-Health Estimations and Propulsive Battery System Weight Analysis},
  author={Lilly, Jingsi},
  year={2017},
  url ={https://commons.erau.edu/edt/367},
  school={Embry-Riddle Aeronautical University}
}

@article{khan2017towards,
  title={Towards an ultimate battery thermal management system: a review},
  author={Khan, Mohammad Rezwan and Swierczynski, Maciej Jozef and K{\ae}r, S{\o}ren Knudsen},
  journal={Batteries},
  volume={3},
  number={1},
  pages={9},
  year={2017},
  publisher={Multidisciplinary Digital Publishing Institute}
}

@article{moroney1957ram,
  title={Ram-air cooling systems for aircraft generators},
  author={Moroney, M Richard},
  journal={Transactions of the American Institute of Electrical Engineers, Part II: Applications and Industry},
  volume={76},
  number={4},
  pages={217--221},
  year={1957},
  publisher={IEEE}
}

@phdthesis{samba2015battery,
  title={Battery Electrical Vehicles-Analysis of Thermal Modelling and Thermal Management},
  author={Samba, Ahmadou},
  year={2015},
  school={LUSAC (Laboratoire Universitaire des Sciences Appliqu{\'e}es de Cherbourg), Universit{\'e} de caen Basse Normandie; MOBI (the Mobility, Logistics and Automotive Technology Research Centre), Vrije Universiteit Brussel}
}

@article {packaging,
title={Battery Packaging – Technology Review},
author={Maiser, Eric},
year={2014},
journal={AIP Conference Proceedings 1597},
pages={204--218}}

@book{kreith,
  title={Principles of heat transfer},
  author={Kreith, Frank and Manglik, Raj M and Bohn, Mark S},
  year={2012},
  publisher={Cengage learning}
}

@article{thermalprop,
author = {Adair, D and Ismailov, Kairat and Massalin, Yerzhan and Bakenov, Zhumabay},
year = {2016},
month = {09},
pages = {246-250},
title = {Thermal Management of Lithium/Sulphur Cells Using a Simple 2D Model},
volume = {2},
journal = {Modern Environmental Science and Engineering},
doi = {10.15341/mese(2333-2581)/04.02.2016/006}
}

@article{ESDU,
author = {ESDU},
title = {Drag and pressure recovery characteristics of auxiliary air inlets at subsonic speeds.Item No. 86002 with amendments A and B, July 1996},
year = {1986},
journal={Engineering Sciences Data Unit, London}
}

@article{numericalinvestigation,
author = {da Silveira, B.H., Souza, P.R.C., Almeida, O.},
year = {2017},
title = {Numerical Investigation of a Naca Air Intake for a Canard Type Aircraft},
journal = {International Journal of Advanced Engineering Research and Science (IJAERS)}
}

@article{silva2007plane,
  title={In-plane thermal conductivity in thin carbon fiber composites},
  author={Silva, Carlos A and Marotta, Egidio and Schuller, Michael and Peel, Larry and O'Neill, Mark},
  journal={Journal of thermophysics and heat transfer},
  volume={21},
  number={3},
  pages={460--467},
  year={2007}
}

@book{roskam,
  title={Airplane Design},
  author={Roskam, Jan},
  year={1985},
  publisher={DARcorporation}
}

@article{fotouhi2017lithium,
  title={Lithium-sulfur battery technology readiness and applications—a review},
  author={Fotouhi, Abbas and Auger, Daniel and O’Neill, Laura and Cleaver, Tom and Walus, Sylwia},
  journal={Energies},
  volume={10},
  number={12},
  pages={1937},
  year={2017},
  publisher={Multidisciplinary Digital Publishing Institute}
}